[
  {
    "price": "63,453.59",
    "amount": "0.02343",
    "time": "20:28:56",
    "is_buy": false
  },
  {
    "price": "63,452.58",
    "amount": "0.02343",
    "time": "20:28:55",
    "is_buy": true
  },
  {
    "price": "63,451.57",
    "amount": "0.02343",
    "time": "20:28:54",
    "is_buy": false
  },
  {
    "price": "63,450.56",
    "amount": "0.02343",
    "time": "20:28:53",
    "is_buy": false
  },
  {
    "price": "63,449.55",
    "amount": "0.02343",
    "time": "20:28:52",
    "is_buy": true
  },
  {
    "price": "63,448.54",
    "amount": "0.02343",
    "time": "20:28:51",
    "is_buy": false
  },
  {
    "price": "63,447.54",
    "amount": "0.02343",
    "time": "20:28:50",
    "is_buy": false
  },
  {
    "price": "63,447.04",
    "amount": "0.02343",
    "time": "20:28:49",
    "is_buy": true
  },
  {
    "price": "63,446.54",
    "amount": "0.02343",
    "time": "20:28:48",
    "is_buy": true
  },
  {
    "price": "63,445.54",
    "amount": "0.02343",
    "time": "20:28:47",
    "is_buy": false
  },
  {
    "price": "63,442.54",
    "amount": "0.02343",
    "time": "20:28:46",
    "is_buy": true
  },
  {
    "price": "63,441.54",
    "amount": "0.02343",
    "time": "20:28:45",
    "is_buy": true
  },
  {
    "price": "63,440.54",
    "amount": "0.02343",
    "time": "20:28:44",
    "is_buy": true
  },
  {
    "price": "63,438.54",
    "amount": "0.02343",
    "time": "20:28:43",
    "is_buy": true
  },
  {
    "price": "63,438.54",
    "amount": "0.02343",
    "time": "20:28:42",
    "is_buy": true
  },
  {
    "price": "63,437.54",
    "amount": "0.02343",
    "time": "20:28:41",
    "is_buy": true
  },
  {
    "price": "63,436.54",
    "amount": "0.02343",
    "time": "20:28:40",
    "is_buy": true
  },
  {
    "price": "63,435.54",
    "amount": "0.02343",
    "time": "20:28:39",
    "is_buy": true
  },
  {
    "price": "63,434.54",
    "amount": "0.02343",
    "time": "20:28:56",
    "is_buy": true
  },
  {
    "price": "63,448.54",
    "amount": "0.02343",
    "time": "20:28:55",
    "is_buy": true
  },
  {
    "price": "63,448.54",
    "amount": "0.02343",
    "time": "20:28:54",
    "is_buy": true
  },
  {
    "price": "63,448.54",
    "amount": "0.02343",
    "time": "20:28:53",
    "is_buy": true
  },
  {
    "price": "63,448.54",
    "amount": "0.02343",
    "time": "20:28:52",
    "is_buy": true
  },
  {
    "price": "63,448.54",
    "amount": "0.02343",
    "time": "20:28:51",
    "is_buy": true
  },
  {
    "price": "63,448.54",
    "amount": "0.02343",
    "time": "20:28:50",
    "is_buy": true
  },
  {
    "price": "63,448.54",
    "amount": "0.02343",
    "time": "20:28:49",
    "is_buy": true
  },
  {
    "price": "63,448.54",
    "amount": "0.02343",
    "time": "20:28:48",
    "is_buy": true
  },
  {
    "price": "63,448.54",
    "amount": "0.02343",
    "time": "20:28:47",
    "is_buy": true
  },
  {
    "price": "63,448.54",
    "amount": "0.02343",
    "time": "20:28:46",
    "is_buy": true
  },
  {
    "price": "63,448.54",
    "amount": "0.02343",
    "time": "20:28:45",
    "is_buy": true
  },
  {
    "price": "63,448.54",
    "amount": "0.02343",
    "time": "20:28:44",
    "is_buy": true
  },
  {
    "price": "63,448.54",
    "amount": "0.02343",
    "time": "20:28:43",
    "is_buy": true
  },
  {
    "price": "63,448.54",
    "amount": "0.02343",
    "time": "20:28:42",
    "is_buy": true
  },
  {
    "price": "63,448.54",
    "amount": "0.02343",
    "time": "20:28:41",
    "is_buy": true
  },
  {
    "price": "63,448.54",
    "amount": "0.02343",
    "time": "20:28:40",
    "is_buy": true
  },
  {
    "price": "63,448.54",
    "amount": "0.02343",
    "time": "20:28:39",
    "is_buy": true
  }
]